@misc{waveblocks,
	author = {Vasile Gradinaru and Raoul Bourquin},
	title = {{WaveBlocks}: Reusable building blocks for simulations with semiclassical wavepackets.},
	url = {http://waveblocks.origo.ethz.ch},
	year = {2010, 2011}
}

